<record><leader>00000cas a22000007a 4500</leader><controlfield tag="001">22283620</controlfield><controlfield tag="008">900827d19uu19uucouwr ne      0    0eng d</controlfield><datafield ind1=" " ind2=" " tag="010"><subfield code="a">sn 90051555 </subfield></datafield><datafield ind1=" " ind2=" " tag="040"><subfield code="a">CNQ</subfield><subfield code="b">eng</subfield><subfield code="c">CNQ</subfield><subfield code="d">OCLCQ</subfield></datafield><datafield ind1=" " ind2=" " tag="042"><subfield code="a">msc</subfield></datafield><datafield ind1="0" ind2="4" tag="245"><subfield code="a">The Englewood tribune and the Arapahoe republican.</subfield></datafield><datafield ind1=" " ind2=" " tag="260"><subfield code="a">Englewood, Colo. :</subfield><subfield code="b">A. King</subfield></datafield><datafield ind1=" " ind2=" " tag="300"><subfield code="a">v.</subfield></datafield><datafield ind1=" " ind2=" " tag="310"><subfield code="a">Weekly</subfield></datafield><datafield ind1=" " ind2=" " tag="588"><subfield code="a">Description based on: Vol. 3, no. 37 (Dec. 25, 1914) = v. 4, no. 19.</subfield></datafield><datafield ind1=" " ind2=" " tag="752"><subfield code="a">United States</subfield><subfield code="b">Colorado</subfield><subfield code="c">Arapahoe</subfield><subfield code="d">Englewood.</subfield></datafield><datafield ind1="0" ind2="0" tag="780"><subfield code="t">Arapahoe republican and the Englewood tribune</subfield><subfield code="w">(DLC)sn 90051983</subfield></datafield><datafield ind1="0" ind2="7" tag="785"><subfield code="t">Arapahoe democrat</subfield></datafield><datafield ind1="0" ind2="7" tag="785"><subfield code="t">Arapahoe democrat with which is consolidated the Englewood tribune and the Arapahoe republican</subfield><subfield code="w">(DLC)sn 90051554</subfield></datafield></record>